<?xml version="1.0" encoding="UTF-8"?>
<collection xmlns:xsi="http://www.w3.org/2001/XMLSchema-instance" xsi:schemaLocation="http://www.loc.gov/MARC21/slim http://www.loc.gov/standards/marcxml/schema/MARC21slim.xsd" xmlns="http://www.loc.gov/MARC21/slim">
<record>
  <leader>01000cam a22002531  4500</leader>
  <controlfield tag="001">2695246</controlfield>
  <controlfield tag="003">NNC</controlfield>
  <controlfield tag="005">20150920222902.0</controlfield>
  <controlfield tag="008">871124m19649999iq ace        000 0 ara d</controlfield>
  <datafield tag="035" ind1=" " ind2=" ">
    <subfield code="a">(OCoLC)ocm17023811</subfield>
  </datafield>
  <datafield tag="035" ind1=" " ind2=" ">
    <subfield code="9">ARE5655CU</subfield>
  </datafield>
  <datafield tag="035" ind1=" " ind2=" ">
    <subfield code="a">(NNC)2695246</subfield>
  </datafield>
  <datafield tag="040" ind1=" " ind2=" ">
    <subfield code="a">CLU</subfield>
    <subfield code="c">CLU</subfield>
    <subfield code="d">ZCU</subfield>
  </datafield>
  <datafield tag="099" ind1=" " ind2=" ">
    <subfield code="a">956.7</subfield>
    <subfield code="a">Az13</subfield>
  </datafield>
  <datafield tag="100" ind1="1" ind2=" ">
    <subfield code="a">Aʻẓamī, Hāshim.</subfield>
  </datafield>
  <datafield tag="245" ind1="0" ind2="0">
    <subfield code="a">Tarīkh jāmiʻ al-imām al-aʻẓam wa-masājid al-aʻẓamīyah.</subfield>
  </datafield>
  <datafield tag="260" ind1=" " ind2=" ">
    <subfield code="a">Bagdād,</subfield>
    <subfield code="b">Maṭbaʻat al-ʻĀnī,</subfield>
    <subfield code="c">1964-</subfield>
  </datafield>
  <datafield tag="300" ind1=" " ind2=" ">
    <subfield code="a">v.</subfield>
    <subfield code="b">illus., ports., fold. plan.</subfield>
  </datafield>
  <datafield tag="500" ind1=" " ind2=" ">
    <subfield code="a">Cover title: History of the Mosque of Abu-Hanifah (The Grand Jurist) and the Mosques of Adhamiyah.</subfield>
  </datafield>
  <datafield tag="505" ind1="1" ind2=" ">
    <subfield code="a">v. 1. Jāmiʻ al-imām Abī Hanīfah wa-madrasatihi al-ʻilmīyah.</subfield>
  </datafield>
  <datafield tag="610" ind1="1" ind2="0">
    <subfield code="a">Aʻẓamīyah (Iraq).</subfield>
    <subfield code="b">Jāmiʻ al-Imām al-Aʻẓam.</subfield>
  </datafield>
  <datafield tag="610" ind1="1" ind2="0">
    <subfield code="a">Aʻẓamīyah (Iraq).</subfield>
    <subfield code="b">Kullīyat al-Sharīʻah.</subfield>
  </datafield>
  <datafield tag="740" ind1="0" ind2=" ">
    <subfield code="a">History of the Mosque of Abu-Hanifah (The Grand Jurist) and the mosques of Adhamiyah.</subfield>
  </datafield>
  <datafield tag="955" ind1=" " ind2=" ">
    <subfield code="b">0026813017</subfield>
    <subfield code="d">glx</subfield>
    <subfield code="e">956.7 Az13</subfield>
    <subfield code="v">v.1</subfield>
  </datafield>
</record>
</collection>